@article{warburton2006health,
  title={Health benefits of physical activity: the evidence},
  author={Warburton, Darren ER and Nicol, Crystal Whitney and Bredin, Shannon SD},
  journal={Canadian medical association journal},
  volume={174},
  number={6},
  pages={801--809},
  year={2006},
  publisher={Can Med Assoc}
}

@article{caspersen1985physical,
  title={Physical activity, exercise, and physical fitness: definitions and distinctions for health-related research.},
  author={Caspersen, Carl J and Powell, Kenneth E and Christenson, Gregory M},
  journal={Public health reports},
  volume={100},
  number={2},
  pages={126},
  year={1985},
  publisher={Association of Schools of Public Health}
}

@article{levine2005measurement,
  title={Measurement of energy expenditure},
  author={Levine, James A},
  journal={Public health nutrition},
  volume={8},
  number={7a},
  pages={1123--1132},
  year={2005},
  publisher={Cambridge Univ Press}
}

@article{zhang2004improving,
  title={Improving energy expenditure estimation for physical activity},
  author={Zhang, Kuan and Pi-Sunyer, F Xavier and Boozer, Carol N and others},
  journal={Medicine and Science in Sports and Exercise},
  volume={36},
  number={5},
  pages={883--889},
  year={2004},
  publisher={WILLIAMS \& WILKINS}
}

@article{bassuk2005epidemiological,
  title={Epidemiological evidence for the role of physical activity in reducing risk of type 2 diabetes and cardiovascular disease},
  author={Bassuk, Shari S and Manson, JoAnn E},
  journal={Journal of applied physiology},
  volume={99},
  number={3},
  pages={1193--1204},
  year={2005},
  publisher={Am Physiological Soc}
}

@article{howley1995criteria,
  title={Criteria for maximal oxygen uptake: review and commentary},
  author={Howley, Edward T and Bassett, David R and Welch, Hugh G},
  journal={Medicine and science in sports and exercise},
  volume={27},
  number={9},
  pages={1292--1301},
  year={1995},
  publisher={WILLIAMS \& WILKINS 351 WEST CAMDEN ST, BALTIMORE, MD 21201-2436}
}

@article{reilly1997energetics,
  title={Energetics of high-intensity exercise (soccer) with particular reference to fatigue},
  author={Reilly, T},
  journal={Journal of sports sciences},
  volume={15},
  number={3},
  pages={257--263},
  year={1997},
  publisher={Taylor \& Francis}
}

@article{sahlin1998energy,
  title={Energy supply and muscle fatigue in humans},
  author={Sahlin, Kent and Tonkonogi, Michail and S{\"o}derlund, Karin},
  journal={Acta Physiologica},
  volume={162},
  number={3},
  pages={261--266},
  year={1998},
  publisher={Wiley Online Library}
}

@article{botton2011energy,
  title={Energy expenditure during tennis play: a preliminary video analysis and metabolic model approach},
  author={Botton, Florent and Hautier, Christophe and Eclache, Jean-Paul},
  journal={The Journal of Strength \& Conditioning Research},
  volume={25},
  number={11},
  pages={3022--3028},
  year={2011},
  publisher={LWW}
}

@article{osgnach2010energy,
  title={Energy cost and metabolic power in elite soccer: a new match analysis approach},
  author={Osgnach, Cristian and Poser, Stefano and Bernardini, Riccardo and Rinaldo, Roberto and Di Prampero, Pietro Enrico},
  journal={Med Sci Sports Exerc},
  volume={42},
  number={1},
  pages={170--178},
  year={2010}
}

@article{silva2015assessing,
  title={Assessing physical activity intensity by video analysis},
  author={Silva, P and Santiago, C and Reis, LP and Sousa, A and Mota, J and Welk, G},
  journal={Physiological measurement},
  volume={36},
  number={5},
  pages={1037},
  year={2015},
  publisher={IOP Publishing}
}

@article{peker2004framework,
  title={Framework for measurement of the intensity of motion activity of video segments},
  author={Peker, Kadir A and Divakaran, Ajay},
  journal={Journal of Visual Communication and Image Representation},
  volume={15},
  number={3},
  pages={265--284},
  year={2004},
  publisher={Elsevier}
}

@article{nathan2015estimating,
  title={Estimating physical activity energy expenditure with the kinect sensor in an exergaming environment},
  author={Nathan, David and Huynh, Du Q and Rubenson, Jonas and Rosenberg, Michael},
  journal={PloS one},
  volume={10},
  number={5},
  pages={e0127113},
  year={2015},
  publisher={Public Library of Science}
}

@article{gjoreski2015context,
  title={Context-based ensemble method for human energy expenditure estimation},
  author={Gjoreski, Hristijan and Kalu{\v{z}}a, Bo{\v{s}}tjan and Gams, Matja{\v{z}} and Mili{\'c}, Radoje and Lu{\v{s}}trek, Mitja},
  journal={Applied Soft Computing},
  volume={37},
  pages={960--970},
  year={2015},
  publisher={Elsevier}
}

@article{charlot2014improvement,
  title={Improvement of energy expenditure prediction from heart rate during running},
  author={Charlot, Keyne and Cornolo, J{\'e}r{\'e}my and Borne, Rachel and Brugniaux, Julien Vincent and Richalet, Jean-Paul and Chapelot, Didier and Pichon, Aur{\'e}lien},
  journal={Physiological measurement},
  volume={35},
  number={2},
  pages={253},
  year={2014},
  publisher={IOP Publishing}
}

@article{keytel2005prediction,
  title={Prediction of energy expenditure from heart rate monitoring during submaximal exercise},
  author={Keytel, LR and Goedecke, JH and Noakes, TD and Hiiloskorpi, H and Laukkanen, Raija and van der Merwe, Lize and Lambert, EV},
  journal={Journal of sports sciences},
  volume={23},
  number={3},
  pages={289--297},
  year={2005},
  publisher={Taylor \& Francis}
}

@article{ceesay1989use,
  title={The use of heart rate monitoring in the estimation of energy expenditure: a validation study using indirect whole-body calorimetry},
  author={Ceesay, Sana M and Prentice, Andrew M and Day, Kenneth C and Murgatroyd, Peter R and Goldberg, Gail R and Scott, Wendy and Spurr, GB},
  journal={British Journal of Nutrition},
  volume={61},
  number={02},
  pages={175--186},
  year={1989},
  publisher={Cambridge Univ Press}
}

@article{eston1998validity,
  title={Validity of heart rate, pedometry, and accelerometry for predicting the energy cost of children’s activities},
  author={Eston, Roger G and Rowlands, Ann V and Ingledew, David K},
  journal={Journal of applied physiology},
  volume={84},
  number={1},
  pages={362--371},
  year={1998},
  publisher={Am Physiological Soc}
}

@article{freedson2000objective,
  title={Objective monitoring of physical activity using motion sensors and heart rate},
  author={Freedson, Patty S and Miller, Kelly},
  journal={Research quarterly for exercise and sport},
  volume={71},
  number={sup2},
  pages={21--29},
  year={2000},
  publisher={Taylor \& Francis}
}

@article{yang2010review,
  title={A review of accelerometry-based wearable motion detectors for physical activity monitoring},
  author={Yang, Che-Chang and Hsu, Yeh-Liang},
  journal={Sensors},
  volume={10},
  number={8},
  pages={7772--7788},
  year={2010},
  publisher={Molecular Diversity Preservation International}
}

@article{miller1993predicting,
  title={Predicting max HR and the HR-VO2 relationship for exercise prescription in obesity.},
  author={Miller, Wayne C and Wallace, JANET P and Eggert, Karen E},
  journal={Medicine and science in sports and exercise},
  volume={25},
  number={9},
  pages={1077--1081},
  year={1993}
}


@article{patel2017aerobic,
  title={Aerobic vs anaerobic exercise training effects on the cardiovascular system},
  author={Patel, Harsh and Alkhawam, Hassan and Madanieh, Raef and Shah, Niel and Kosmas, Constantine E and Vittorio, Timothy J},
  journal={World Journal of Cardiology},
  volume={9},
  number={2},
  pages={134},
  year={2017},
  publisher={Baishideng Publishing Group Inc}
}

@article{scott2005contribution,
  title={Contribution of anaerobic energy expenditure to whole body thermogenesis},
  author={Scott, Christopher B},
  journal={Nutrition \& metabolism},
  volume={2},
  number={1},
  pages={14},
  year={2005},
  publisher={BioMed Central}
}

@article{scott2005misconceptions,
  title={Misconceptions about aerobic and anaerobic energy expenditure},
  author={Scott, Christopher},
  journal={Journal of the International Society of Sports Nutrition},
  volume={2},
  number={2},
  pages={32},
  year={2005},
  publisher={BioMed Central}
}

@article{pers2010histograms,
  title={Histograms of optical flow for efficient representation of body motion},
  author={Per{\v{s}}, Janez and Suli{\'c}, Vildana and Kristan, Matej and Per{\v{s}}e, Matej and Polanec, Klemen and Kova{\v{c}}i{\v{c}}, Stanislav},
  journal={Pattern Recognition Letters},
  volume={31},
  number={11},
  pages={1369--1376},
  year={2010},
  publisher={Elsevier}
}

@book{szeliski2010computer,
	title={Computer vision: algorithms and applications},
	author={Szeliski, Richard},
	year={2010},
	publisher={Springer Science \& Business Media}
}

@inproceedings{chaudhry2009histograms,
	title={Histograms of oriented optical flow and binet-cauchy kernels on nonlinear dynamical systems for the recognition of human actions},
	author={Chaudhry, Rizwan and Ravichandran, Avinash and Hager, Gregory and Vidal, Ren{\'e}},
	booktitle={Computer Vision and Pattern Recognition, 2009. CVPR 2009. IEEE Conference on},
	pages={1932--1939},
	year={2009},
	organization={IEEE}
}

@book{forsyth2002computer,
  title={Computer vision: a modern approach},
  author={Forsyth, David A and Ponce, Jean},
  year={2002},
  publisher={Prentice Hall Professional Technical Reference}
}

@inproceedings{malakuti2010towards,
  title={Towards an intelligent bed sensor: Non-intrusive monitoring of sleep irregularities with computer vision techniques},
  author={Malakuti, Kaveh and Albu, Alexandra Branzan},
  booktitle={Pattern Recognition (ICPR), 2010 20th International Conference on},
  pages={4004--4007},
  year={2010},
  organization={IEEE}
}

@article{cooper1991value,
  title={Value of nocturnal oxygen saturation as a screening test for sleep apnoea.},
  author={Cooper, BG and Veale, D and Griffiths, CJ and Gibson, GJ},
  journal={Thorax},
  volume={46},
  number={8},
  pages={586--588},
  year={1991},
  publisher={BMJ Publishing Group Ltd and British Thoracic Society}
}

@article{griffiths1991video,
  title={A video system for investigating breathing disorders during sleep.},
  author={Griffiths, CJ and Cooper, BG and Gibson, GJ},
  journal={Thorax},
  volume={46},
  number={2},
  pages={136--140},
  year={1991},
  publisher={BMJ Publishing Group Ltd and British Thoracic Society}
}

@article{guilleminault1996recognition,
  title={Recognition of sleep-disordered breathing in children},
  author={Guilleminault, Christian and Pelayo, Rafael and Leger, Damien and Clerk, Alex and Bocian, Robert CZ},
  journal={Pediatrics},
  volume={98},
  number={5},
  pages={871--882},
  year={1996},
  publisher={Am Acad Pediatrics}
}

@article{heinrich2015video,
  title={Video based actigraphy and breathing monitoring from the bedside table of shared beds},
  author={Heinrich, Adrienne and van Heesch, Frank and Puvvula, Bhargava and Rocque, Mukul},
  journal={Journal of Ambient Intelligence and Humanized Computing},
  volume={6},
  number={1},
  pages={107--120},
  year={2015},
  publisher={Springer}
}

@inproceedings{yang2014sleep,
  title={Sleep monitoring via depth video compression \& analysis},
  author={Yang, Cheng and Cheung, Gene and Chan, Kevin and Stankovic, Vladimir},
  booktitle={Multimedia and Expo Workshops (ICMEW), 2014 IEEE International Conference on},
  pages={1--6},
  year={2014},
  organization={IEEE}
}

@inproceedings{liao2008video,
  title={Video-based activity and movement pattern analysis in overnight sleep studies},
  author={Liao, Wen-Hung and Yang, Chien-Ming},
  booktitle={Pattern Recognition, 2008. ICPR 2008. 19th International Conference on},
  pages={1--4},
  year={2008},
  organization={IEEE}
}

@article{levy1996accuracy,
  title={Accuracy of oximetry for detection of respiratory disturbances in sleep apnea syndrome},
  author={Levy, Patrick and Pepin, Jean Louis and Deschaux-Blanc, C and Paramelle, B and Brambilla, Christian},
  journal={Chest},
  volume={109},
  number={2},
  pages={395--399},
  year={1996},
  publisher={Elsevier}
}

@inproceedings{nakai2000non,
  title={Non-restrictive visual respiration monitoring},
  author={Nakai, Hiroaki and Ishihara, Ken and Miyake, Yoshio and Watanabe, Mutsumi},
  booktitle={Pattern Recognition, 2000. Proceedings. 15th International Conference On},
  volume={4},
  pages={647--651},
  year={2000},
  organization={IEEE}
}

@inproceedings{nakajima1997method,
  title={A method for measuring respiration and physical activity in bed by optical flow analysis},
  author={Nakajima, Kazuki and Osa, Atsushi and Miike, Hidetoshi},
  booktitle={Engineering in Medicine and Biology Society, 1997. Proceedings of the 19th Annual International Conference of the IEEE},
  volume={5},
  pages={2054--2057},
  year={1997},
  organization={IEEE}
}

@article{nakajima1997evaluation,
  title={Evaluation of body motion by optical flow analysis},
  author={Nakajima, Kazuki and Osa, Atsushi and Maekawa, Tsuyoshi and Miike, Hidetoshi},
  journal={Japanese journal of applied physics},
  volume={36},
  number={5R},
  pages={2929},
  year={1997},
  publisher={IOP Publishing}
}

@inproceedings{nakajima2000monitor,
  title={A monitor for posture changes and respiration in bed using real time image sequence analysis},
  author={Nakajima, Kasuki and Matsumoto, Y and Tamura, T},
  booktitle={Engineering in Medicine and Biology Society, 2000. Proceedings of the 22nd Annual International Conference of the IEEE},
  volume={1},
  pages={51--54},
  year={2000},
  organization={IEEE}
}

@article{nakajima2001development,
  title={Development of real-time image sequence analysis for evaluating posture change and respiratory rate of a subject in bed},
  author={Nakajima, Kazuki and Matsumoto, Yoshiaki and Tamura, Toshiyo},
  journal={Physiological Measurement},
  volume={22},
  number={3},
  pages={N21},
  year={2001},
  publisher={IOP Publishing}
}

@article{netzer2001overnight,
  title={Overnight pulse oximetry for sleep-disordered breathing in adults: a review},
  author={Netzer, Nikolaus and Eliasson, Arn H and Netzer, Cordula and Kristo, David A},
  journal={CHEST Journal},
  volume={120},
  number={2},
  pages={625--633},
  year={2001},
  publisher={American College of Chest Physicians}
}

@article{magalang2003prediction,
  title={Prediction of the apnea-hypopnea index from overnight pulse oximetry},
  author={Magalang, Ulysses J and Dmochowski, Jacek and Veeramachaneni, Sateesh and Draw, Azmi and Mador, M Jeffery and El-Solh, Ali and Grant, Brydon JB},
  journal={Chest Journal},
  volume={124},
  number={5},
  pages={1694--1701},
  year={2003},
  publisher={American College of Chest Physicians}
}

@article{stradling1991predictors,
  title={Predictors and prevalence of obstructive sleep apnoea and snoring in 1001 middle aged men.},
  author={Stradling, JR and Crosby, JH},
  journal={Thorax},
  volume={46},
  number={2},
  pages={85--90},
  year={1991},
  publisher={BMJ Publishing Group Ltd and British Thoracic Society}
}

@article{sathyanarayana2015vision,
  title={Vision-based patient monitoring: a comprehensive review of algorithms and technologies},
  author={Sathyanarayana, Supriya and Satzoda, Ravi Kumar and Sathyanarayana, Suchitra and Thambipillai, Srikanthan},
  journal={Journal of Ambient Intelligence and Humanized Computing},
  pages={1--27},
  year={2015},
  publisher={Springer}
}

@article{takemura2005respiratory,
  title={A respiratory movement monitoring system using fiber-grating vision sensor for diagnosing sleep apnea syndrome},
  author={Takemura, Yasuhiro and Sato, Jun-ya and Nakajima, Masato},
  journal={Optical review},
  volume={12},
  number={1},
  pages={46--53},
  year={2005},
  publisher={Springer}
}

@article{collop2007clinical,
  title={Clinical guidelines for the use of unattended portable monitors in the diagnosis of obstructive sleep apnea in adult patients},
  author={Collop, Nancy A and Anderson, W Mc and Boehlecke, Brian and Claman, David and Goldberg, Rochelle and Gottlieb, Daniel J and Hudgel, David and Sateia, Michael and Schwab, Richard},
  journal={J Clin Sleep Med},
  volume={3},
  number={7},
  pages={737--747},
  year={2007}
}

@inproceedings{wang2006vision,
  title={Vision analysis in detecting abnormal breathing activity in application to diagnosis of obstructive sleep apnoea},
  author={Wang, Ching Wei and Ahmed, Amr and Hunter, Andrew},
  booktitle={Engineering in Medicine and Biology Society, 2006. EMBS'06. 28th Annual International Conference of the IEEE},
  pages={4469--4473},
  year={2006},
  organization={IEEE}
}

@article{wang2014unconstrained,
  title={Unconstrained video monitoring of breathing behavior and application to diagnosis of sleep apnea},
  author={Wang, Ching-Wei and Hunter, Andrew and Gravill, Neil and Matusiewicz, Simon},
  journal={IEEE Transactions on Biomedical Engineering},
  volume={61},
  number={2},
  pages={396--404},
  year={2014},
  publisher={IEEE}
}

@article{wang2010real,
  title={Real time pose recognition of covered human for diagnosis of sleep apnoea},
  author={Wang, Ching-Wei and Hunter, Andrew and Gravill, Neil and Matusiewicz, Simon},
  journal={Computerized medical imaging and graphics},
  volume={34},
  number={6},
  pages={523--533},
  year={2010},
  publisher={Elsevier}
}

@inproceedings{wang2007locating,
  title={Locating the Upper Body of Covered Humans in application to Diagnosis of Obstructive Sleep Apnea.},
  author={Wang, Ching-Wei and Ahmed, Amr and Hunter, Andrew},
  booktitle={World congress on engineering},
  pages={662--667},
  year={2007}
}

@inproceedings{rodrigues2007sleepathome,
  title={SleepAtHome-Portable Home Based System for Pediatric Sleep Apnoea Diagnosis},
  author={Rodrigues, Jorge M and Estevao, M Helena and Malaquias, Jose Luis and Santos, Paulo and Gouveia, Goncalo and Simoes, J Basilio},
  booktitle={Portable Information Devices, 2007. PORTABLE07. IEEE International Conference on},
  pages={1--4},
  year={2007},
  organization={IEEE}
}

@article{falie2008respiratory,
  title={Respiratory motion visualization and the sleep apnea diagnosis with the time of flight (ToF) camera},
  author={Falie, D and Ichim, M and David, L},
  journal={Visualisation, Imaging and Simulation},
  year={2008}
}

@article{flemons2003home,
  title={Home diagnosis of sleep apnea: a systematic review of the literature: an evidence review cosponsored by the American Academy of Sleep Medicine, the American College of Chest Physicians, and the American Thoracic Society},
  author={Flemons, W Ward and Littner, Michael R and Rowley, James A and Gay, Peter and Anderson, W McDowell and Hudgel, David W and McEvoy, R Douglas and Loube, Daniel I},
  journal={CHEST Journal},
  volume={124},
  number={4},
  pages={1543--1579},
  year={2003},
  publisher={American College of Chest Physicians}
}

@inproceedings{falie2009statistical,
  title={Statistical algorithm for detection and screening sleep apnea},
  author={Falie, D and David, L and Ichim, M},
  booktitle={Signals, Circuits and Systems, 2009. ISSCS 2009. International Symposium on},
  pages={1--4},
  year={2009},
  organization={IEEE}
}

@article{javaheri2010central,
  title={Central sleep apnea},
  author={Javaheri, SHAHROKH},
  journal={Clinics in chest medicine},
  volume={31},
  number={2},
  pages={235--248},
  year={2010},
  publisher={Elsevier}
}

@article{flemons2002obstructive,
  title={Obstructive sleep apnea},
  author={Flemons, W Ward},
  journal={New England Journal of Medicine},
  volume={347},
  number={7},
  pages={498--504},
  year={2002},
  publisher={Mass Medical Soc}
}

@article{malhotra2002obstructive,
  title={Obstructive sleep apnoea},
  author={Malhotra, Atul and White, David P},
  journal={The lancet},
  volume={360},
  number={9328},
  pages={237--245},
  year={2002},
  publisher={Elsevier}
}

@inproceedings{koporec2017observation,
 title={Observation of Selected Human Physiological Parameters Using Computer Vision},
 author={Koporec, G and Mandeljc, R and Sulič, Kenk V and Perš, J},
 booktitle={22nd Computer Vision Winter Workshop, Retz, Austria},
 year={2017}
}



@incollection{fleet2006optical,
  title={Optical flow estimation},
  author={Fleet, David and Weiss, Yair},
  booktitle={Handbook of mathematical models in computer vision},
  pages={237--257},
  year={2006},
  publisher={Springer}
}

@book{wedel2011stereo,
  title={Stereo scene flow for 3D motion analysis},
  author={Wedel, Andreas and Cremers, Daniel},
  year={2011},
  publisher={Springer Science \& Business Media}
}

@book{trucco1998introductory,
  title={Introductory techniques for 3-D computer vision},
  author={Trucco, Emanuele and Verri, Alessandro},
  volume={201},
  year={1998},
  publisher={Prentice Hall Englewood Cliffs}
}

@INPROCEEDINGS{Geiger2012CVPR,
  author = {Andreas Geiger and Philip Lenz and Raquel Urtasun},
  title = {Are we ready for Autonomous Driving? The KITTI Vision Benchmark Suite},
  booktitle = {Conference on Computer Vision and Pattern	Recognition (CVPR)},
  year = {2012}
}

@article{baker2011database,
  title={A database and evaluation methodology for optical flow},
  author={Baker, Simon and Scharstein, Daniel and Lewis, JP and Roth, Stefan and Black, Michael J and Szeliski, Richard},
  journal={International Journal of Computer Vision},
  volume={92},
  number={1},
  pages={1--31},
  year={2011},
  publisher={Springer}
}

@incollection{xu2012scale,
	title={Scale invariant optical flow},
	author={Xu, Li and Dai, Zhenlong and Jia, Jiaya},
	booktitle={Computer Vision--ECCV 2012},
	pages={385--399},
	year={2012},
	publisher={Springer}
}

@inproceedings{farneback2003two,
	title={Two-frame motion estimation based on polynomial expansion},
	author={Farneb{\"a}ck, Gunnar},
	booktitle={Scandinavian conference on Image analysis},
	pages={363--370},
	year={2003},
	organization={Springer}
}

@article{brox2011large,
	title={Large displacement optical flow: descriptor matching in variational motion estimation},
	author={Brox, Thomas and Malik, Jitendra},
	journal={IEEE transactions on pattern analysis and machine intelligence},
	volume={33},
	number={3},
	pages={500--513},
	year={2011},
	publisher={IEEE}
}

@inproceedings{lucas1981iterative,
	title={An iterative image registration technique with an application to stereo vision.},
	author={Lucas, Bruce D and Kanade, Takeo and others},
	booktitle={IJCAI},
	volume={81},
	number={1},
	pages={674--679},
	year={1981}
}

@article{bouguet2001pyramidal,
	title={Pyramidal implementation of the affine lucas kanade feature tracker description of the algorithm},
	author={Bouguet, Jean-Yves},
	journal={Intel Corporation},
	volume={5},
	number={1-10},
	pages={4},
	year={2001}
}



@inproceedings{letouzey2011scene,
  title={Scene flow from depth and color images},
  author={Letouzey, Antoine and Petit, Benjamin and Boyer, Edmond},
  booktitle={BMVC 2011-British Machine Vision Conference},
  pages={46--1},
  year={2011},
  organization={BMVA Press}
}

@inproceedings{vedula1999three,
  title={Three-dimensional scene flow},
  author={Vedula, Sundar and Baker, Simon and Rander, Peter and Collins, Robert and Kanade, Takeo},
  booktitle={Computer Vision, 1999. The Proceedings of the Seventh IEEE International Conference on},
  volume={2},
  pages={722--729},
  year={1999},
  organization={IEEE}
}

@article{vedula2005three,
  title={Three-dimensional scene flow},
  author={Vedula, Sundar and Rander, Peter and Collins, Robert and Kanade, Takeo},
  journal={IEEE Transactions on Pattern Analysis and Machine Intelligence},
  volume={27},
  number={3},
  pages={475--480},
  year={2005},
  publisher={IEEE}
}

@article{sato2013high,
  title={High-speed and high-accuracy scene flow estimation using kinect},
  author={Sato, Kyosuke and Wu, Haiyuan and Chen, Qian},
  journal={Procedia Computer Science},
  volume={22},
  pages={945--953},
  year={2013},
  publisher={Elsevier}
}

@article{yan2016scene,
  title={Scene Flow Estimation: A Survey},
  author={Yan, Zike and Xiang, Xuezhi},
  journal={arXiv preprint arXiv:1612.02590},
  year={2016}
}

@article{wedel2011stereoscopic,
  title={Stereoscopic scene flow computation for 3d motion understanding},
  author={Wedel, Andreas and Brox, Thomas and Vaudrey, Tobi and Rabe, Clemens and Franke, Uwe and Cremers, Daniel},
  journal={International Journal of Computer Vision},
  volume={95},
  number={1},
  pages={29--51},
  year={2011},
  publisher={Springer}
}

@inproceedings{jaimez2015primal,
  title={A primal-dual framework for real-time dense RGB-D scene flow},
  author={Jaimez, Mariano and Souiai, Mohamed and Gonzalez-Jimenez, Javier and Cremers, Daniel},
  booktitle={Robotics and Automation (ICRA), 2015 IEEE International Conference on},
  pages={98--104},
  year={2015},
  organization={IEEE}
}

@article{hsu2003practical,
	title={A practical guide to support vector classification},
	author={Hsu, Chih-Wei and Chang, Chih-Chung and Lin, Chih-Jen and others},
	year={2003}
}

@article{chang2011a,
	author = {Chang, Chih-Chung and Lin, Chih-Jen},
	title = {{LIBSVM}: A library for support vector machines},
	journal = {ACM Transactions on Intelligent Systems and Technology},
	volume = {2},
	issue = {3},
	year = {2011},
	pages = {27:1--27:27},
	note =	 {Software available at \url{http://www.csie.ntu.edu.tw/~cjlin/libsvm}}
}

@book{witten2005data,
  title={Data Mining: Practical machine learning tools and techniques},
  author={Witten, Ian H and Frank, Eibe},
  year={2005},
  publisher={Morgan Kaufmann}
}

@article{chapelle1999support,
  title={Support vector machines for histogram-based image classification},
  author={Chapelle, Olivier and Haffner, Patrick and Vapnik, Vladimir N},
  journal={IEEE transactions on Neural Networks},
  volume={10},
  number={5},
  pages={1055--1064},
  year={1999},
  publisher={IEEE}
}

@inproceedings{boughorbel2005generalized,
  title={Generalized histogram intersection kernel for image recognition},
  author={Boughorbel, Sabri and Tarel, J-P and Boujemaa, Nozha},
  booktitle={Image Processing, 2005. ICIP 2005. IEEE International Conference on},
  volume={3},
  pages={III--161},
  year={2005},
  organization={IEEE}
}
@article{chang2002training,
  title={Training v-support vector regression: theory and algorithms},
  author={Chang, Chih-Chung and Lin, Chih-Jen},
  journal={Neural Computation},
  volume={14},
  number={8},
  pages={1959--1977},
  year={2002},
  publisher={MIT Press}
}

@article{scholkopf2000new,
  title={New support vector algorithms},
  author={Sch{\"o}lkopf, Bernhard and Smola, Alex J and Williamson, Robert C and Bartlett, Peter L},
  journal={Neural computation},
  volume={12},
  number={5},
  pages={1207--1245},
  year={2000},
  publisher={MIT Press}
}

@article{vcehovin2016visual,
  title={Visual object tracking performance measures revisited},
  author={{\v{C}}ehovin, Luka and Leonardis, Ale{\v{s}} and Kristan, Matej},
  journal={IEEE Transactions on Image Processing},
  volume={25},
  number={3},
  pages={1261--1274},
  year={2016},
  publisher={IEEE}
}

@inproceedings{danelljan2014adaptive,
  title={Adaptive color attributes for real-time visual tracking},
  author={Danelljan, Martin and Shahbaz Khan, Fahad and Felsberg, Michael and Van de Weijer, Joost},
  booktitle={Proceedings of the IEEE Conference on Computer Vision and Pattern Recognition},
  pages={1090--1097},
  year={2014}
}

@article{hannuna2016ds,
  title={DS-KCF: a real-time tracker for RGB-D data},
  author={Hannuna, Sion and Camplani, Massimo and Hall, Jake and Mirmehdi, Majid and Damen, Dima and Burghardt, Tilo and Paiement, Adeline and Tao, Lili},
  journal={Journal of Real-Time Image Processing},
  pages={1--20},
  year={2016},
  publisher={Springer}
}

@article{henriques2012exploiting,
  title={Exploiting the circulant structure of tracking-by-detection with kernels},
  author={Henriques, Joao and Caseiro, Rui and Martins, Pedro and Batista, Jorge},
  journal={Computer Vision--ECCV 2012},
  pages={702--715},
  year={2012},
  publisher={Springer}
}

@article{henriques2015high,
  title={High-speed tracking with kernelized correlation filters},
  author={Henriques, Jo{\~a}o F and Caseiro, Rui and Martins, Pedro and Batista, Jorge},
  journal={IEEE Transactions on Pattern Analysis and Machine Intelligence},
  volume={37},
  number={3},
  pages={583--596},
  year={2015},
  publisher={IEEE}
}

@article{king2009dlib,
  title={Dlib-ml: A machine learning toolkit},
  author={King, Davis E},
  journal={Journal of Machine Learning Research},
  volume={10},
  number={Jul},
  pages={1755--1758},
  year={2009}
}

@inproceedings{danelljan2014accurate,
  title={Accurate scale estimation for robust visual tracking},
  author={Danelljan, Martin and H{\"a}ger, Gustav and Khan, Fahad and Felsberg, Michael},
  booktitle={British Machine Vision Conference, Nottingham, September 1-5, 2014},
  year={2014},
  organization={BMVA Press}
}

@article{kalal2012tracking,
  title={Tracking-learning-detection},
  author={Kalal, Zdenek and Mikolajczyk, Krystian and Matas, Jiri},
  journal={IEEE transactions on pattern analysis and machine intelligence},
  volume={34},
  number={7},
  pages={1409--1422},
  year={2012},
  publisher={IEEE}
}

@article{smeulders2014visual,
  title={Visual tracking: An experimental survey},
  author={Smeulders, Arnold WM and Chu, Dung M and Cucchiara, Rita and Calderara, Simone and Dehghan, Afshin and Shah, Mubarak},
  journal={IEEE Transactions on Pattern Analysis and Machine Intelligence},
  volume={36},
  number={7},
  pages={1442--1468},
  year={2014},
  publisher={IEEE}
}

@inproceedings{kalal2010forward,
  title={Forward-backward error: Automatic detection of tracking failures},
  author={Kalal, Zdenek and Mikolajczyk, Krystian and Matas, Jiri},
  booktitle={Pattern recognition (ICPR), 2010 20th international conference on},
  pages={2756--2759},
  year={2010},
  organization={IEEE}
}

@inbook{kristan2016visual,
  title={The visual object tracking VOT2016 challenge results},
  author={Kristan, Matej and Leonardis, Ales and Cehovin, Luka and Lukezic, Luka},
  bookTitle={Computer Vision -- ECCV 2016 Workshops: Amsterdam, The Netherlands, October 8-10 and 15-16, 2016, Proceedings, Part II},
  year={2016},
  publisher={Springer International Publishing},
  pages={777--823}
}

@string{ online = "{ [Online]}"}
@misc{squashtv2014squash,
 author = {PSA SQUASHTV},
  title = {Squash : El Gouna International 2014 - Final Roundup Elshorbagy v Ashour [Online]},
  howpublished  = {Dosegljivo: \url{https://www.youtube.com/watch?v=5rbLehP-Pcs}},
  note = {[Dostopano: 03. 08. 2017]}
}

@article{smith1997scientist,
  title={The scientist and engineer's guide to digital signal processing},
  author={Smith, Steven W and others},
  year={1997},
  publisher={California Technical Pub. San Diego}
}
