@article{beaver1973line,
  title={On-line computer analysis and breath-by-breath graphical display of exercise function tests},
  author={Beaver, William L and Wasserman, Karlman and Whipp, Brian J and others},
  journal={Journal of Applied Physiology},
  volume={34},
  number={1},
  pages={128--132},
  year={1973},
  publisher={Citeseer}
}