@article{reilly1997energetics,
  title={Energetics of high-intensity exercise (soccer) with particular reference to fatigue},
  author={Reilly, T},
  journal={Journal of sports sciences},
  volume={15},
  number={3},
  pages={257--263},
  year={1997},
  publisher={Taylor \& Francis}
}

@article{sahlin1998energy,
  title={Energy supply and muscle fatigue in humans},
  author={Sahlin, Kent and Tonkonogi, Michail and S{\"o}derlund, Karin},
  journal={Acta Physiologica},
  volume={162},
  number={3},
  pages={261--266},
  year={1998},
  publisher={Wiley Online Library}
}

