@article{pers2010histograms,
  title={Histograms of optical flow for efficient representation of body motion},
  author={Per{\v{s}}, Janez and Suli{\'c}, Vildana and Kristan, Matej and Per{\v{s}}e, Matej and Polanec, Klemen and Kova{\v{c}}i{\v{c}}, Stanislav},
  journal={Pattern Recognition Letters},
  volume={31},
  number={11},
  pages={1369--1376},
  year={2010},
  publisher={Elsevier}
}

@inproceedings{chaudhry2009histograms,
	title={Histograms of oriented optical flow and binet-cauchy kernels on nonlinear dynamical systems for the recognition of human actions},
	author={Chaudhry, Rizwan and Ravichandran, Avinash and Hager, Gregory and Vidal, Ren{\'e}},
	booktitle={Computer Vision and Pattern Recognition, 2009. CVPR 2009. IEEE Conference on},
	pages={1932--1939},
	year={2009},
	organization={IEEE}
}