@article{smith1997scientist,
  title={The scientist and engineer's guide to digital signal processing},
  author={Smith, Steven W and others},
  year={1997},
  publisher={California Technical Pub. San Diego}
}

