@book{smith1997scientist,
author = {Smith, Steven W.},
title = {The Scientist and Engineer's Guide to Digital Signal Processing},
year = {1997},
isbn = {0-9660176-3-3},
publisher = {California Technical Publishing},
address = {San Diego, CA, USA},
} 

@string{ online = "{ [Online]}"}
@misc{kraus2017nanconv,
	author = {Benjamin Kraus},
	title = {nanconv - File Exchange - MATLAB central [Online]},
	howpublished  = {Available: \url{https://uk.mathworks.com/matlabcentral/fileexchange/41961-nanconv}.(URL)},
	note = {[Accessed: 07. 09. 2017]}
}