@article{charlot2014improvement,
  title={Improvement of energy expenditure prediction from heart rate during running},
  author={Charlot, Keyne and Cornolo, J{\'e}r{\'e}my and Borne, Rachel and Brugniaux, Julien Vincent and Richalet, Jean-Paul and Chapelot, Didier and Pichon, Aur{\'e}lien},
  journal={Physiological measurement},
  volume={35},
  number={2},
  pages={253},
  year={2014},
  publisher={IOP Publishing}
}

@article{keytel2005prediction,
  title={Prediction of energy expenditure from heart rate monitoring during submaximal exercise},
  author={Keytel, LR and Goedecke, JH and Noakes, TD and Hiiloskorpi, H and Laukkanen, Raija and van der Merwe, Lize and Lambert, EV},
  journal={Journal of sports sciences},
  volume={23},
  number={3},
  pages={289--297},
  year={2005},
  publisher={Taylor \& Francis}
}

@article{ceesay1989use,
  title={The use of heart rate monitoring in the estimation of energy expenditure: a validation study using indirect whole-body calorimetry},
  author={Ceesay, Sana M and Prentice, Andrew M and Day, Kenneth C and Murgatroyd, Peter R and Goldberg, Gail R and Scott, Wendy and Spurr, GB},
  journal={British Journal of Nutrition},
  volume={61},
  number={02},
  pages={175--186},
  year={1989},
  publisher={Cambridge Univ Press}
}

@article{eston1998validity,
  title={Validity of heart rate, pedometry, and accelerometry for predicting the energy cost of children’s activities},
  author={Eston, Roger G and Rowlands, Ann V and Ingledew, David K},
  journal={Journal of applied physiology},
  volume={84},
  number={1},
  pages={362--371},
  year={1998},
  publisher={Am Physiological Soc}
}


@article{freedson2000objective,
  title={Objective monitoring of physical activity using motion sensors and heart rate},
  author={Freedson, Patty S and Miller, Kelly},
  journal={Research quarterly for exercise and sport},
  volume={71},
  number={sup2},
  pages={21--29},
  year={2000},
  publisher={Taylor \& Francis}
}

@article{yang2010review,
  title={A review of accelerometry-based wearable motion detectors for physical activity monitoring},
  author={Yang, Che-Chang and Hsu, Yeh-Liang},
  journal={Sensors},
  volume={10},
  number={8},
  pages={7772--7788},
  year={2010},
  publisher={Molecular Diversity Preservation International}
}

@article{miller1993predicting,
  title={Predicting max HR and the HR-VO2 relationship for exercise prescription in obesity.},
  author={Miller, Wayne C and Wallace, JANET P and Eggert, Karen E},
  journal={Medicine and science in sports and exercise},
  volume={25},
  number={9},
  pages={1077--1081},
  year={1993}
}