@article{brown2007automatic,
  title={Automatic panoramic image stitching using invariant features},
  author={Brown, Matthew and Lowe, David G},
  journal={International journal of computer vision},
  volume={74},
  number={1},
  pages={59--73},
  year={2007},
  publisher={Springer}
}

@article{li2017real,
  title={Real-time RGB-D image stitching using multiple Kinects for improved field of view},
  author={Li, Hengyu and Liu, Hang and Cao, Ning and Peng, Yan and Xie, Shaorong and Luo, Jun and Sun, Yu},
  journal={International Journal of Advanced Robotic Systems},
  volume={14},
  number={2},
  pages={1729881417695560},
  year={2017},
  publisher={SAGE Publications Sage UK: London, England}
}

@misc{lingzhu2016libfreenect2,
	author       = {Lingzhu Xiang and
	Florian Echtler and
	Christian Kerl and
	Thiemo Wiedemeyer and
	Lars and
	hanyazou and
	Ryan Gordon and
	Francisco Facioni and
	laborer2008 and
	Rich Wareham and
	Matthias Goldhoorn and
	alberth and
	gaborpapp and
	Steffen Fuchs and
	jmtatsch and
	Joshua Blake and
	Federico and
	Henning Jungkurth and
	Yuan Mingze and
	vinouz and
	Dave Coleman and
	Brendan Burns and
	Rahul Rawat and
	Serguei Mokhov and
	Paul Reynolds and
	P.E. Viau and
	Matthieu Fraissinet-Tachet and
	Ludique and
	James Billingham and
	Alistair},
	title        = {libfreenect2: Release 0.2},
	month        = apr,
	year         = 2016,
	doi          = {10.5281/zenodo.50641},
	url          = {https://doi.org/10.5281/zenodo.50641}
}