@book{szeliski2010computer,
	title={Computer vision: algorithms and applications},
	author={Szeliski, Richard},
	year={2010},
	publisher={Springer Science \& Business Media}
}

@book{forsyth2002computer,
  title={Computer vision: a modern approach},
  author={Forsyth, David A and Ponce, Jean},
  year={2002},
  publisher={Prentice Hall Professional Technical Reference}
}

@book{bajd2011osnove,
  title={Osnove robotike},
  author={Bajd, Tadej and Mihelj, Matja{\v{z}} and Munih, Marko and Lenar{\v{c}}i{\v{c}}, Jadran and {\v{Z}}efran, Milo{\v{s}}},
  year={2011},
  publisher={Zalo{\v{z}}ba FE in FRI}
}

@article{bronstein1990math,
	title={Matemati{\v{c}}ni priro{\v{c}}nik},
	author={Bronstein,J. N. and and Semndljajew, K. A.},
	journal={Tehni{\v{s}}ka zalo{\v{z}}ba Slovenije},
	year={1990}
}

@article{Pers2002largescale,
title = "Observation and analysis of large-scale human motion",
journal = "Human Movement Science",
volume = "21",
number = "2",
pages = "295 - 311",
year = "2002",
note = "",
issn = "0167-9457",
doi = "http://dx.doi.org/10.1016/S0167-9457(02)00096-9",
url = "http://www.sciencedirect.com/science/article/pii/S0167945702000969",
author = "Janez Perš and Marta Bon and Stanislav Kovačič and Marko Šibila and Branko Dežman",
keywords = "Athletic performance",
keywords = "Activity level",
keywords = "Measurement",
keywords = "Automated information processing",
keywords = "Evaluation"
}