@article{patel2017aerobic,
  title={Aerobic vs anaerobic exercise training effects on the cardiovascular system},
  author={Patel, Harsh and Alkhawam, Hassan and Madanieh, Raef and Shah, Niel and Kosmas, Constantine E and Vittorio, Timothy J},
  journal={World Journal of Cardiology},
  volume={9},
  number={2},
  pages={134},
  year={2017},
  publisher={Baishideng Publishing Group Inc}
}

@article{scott2005contribution,
  title={Contribution of anaerobic energy expenditure to whole body thermogenesis},
  author={Scott, Christopher B},
  journal={Nutrition \& metabolism},
  volume={2},
  number={1},
  pages={14},
  year={2005},
  publisher={BioMed Central}
}

@article{scott2005misconceptions,
  title={Misconceptions about aerobic and anaerobic energy expenditure},
  author={Scott, Christopher},
  journal={Journal of the International Society of Sports Nutrition},
  volume={2},
  number={2},
  pages={32},
  year={2005},
  publisher={BioMed Central}
}