@article{hsu2003practical,
	title={A practical guide to support vector classification},
	author={Hsu, Chih-Wei and Chang, Chih-Chung and Lin, Chih-Jen and others},
	year={2003}
}

@inproceedings{lucas1981iterative,
	title={An iterative image registration technique with an application to stereo vision.},
	author={Lucas, Bruce D and Kanade, Takeo and others},
	booktitle={IJCAI},
	volume={81},
	number={1},
	pages={674--679},
	year={1981}
}

@article{bouguet2001pyramidal,
	title={Pyramidal implementation of the affine lucas kanade feature tracker description of the algorithm},
	author={Bouguet, Jean-Yves},
	journal={Intel Corporation},
	volume={5},
	number={1-10},
	pages={4},
	year={2001}
}

@article{pervs2010histograms,
	title={Histograms of optical flow for efficient representation of body motion},
	author={Per{\v{s}}, Janez and Suli{\'c}, Vildana and Kristan, Matej and Per{\v{s}}e, Matej and Polanec, Klemen and Kova{\v{c}}i{\v{c}}, Stanislav},
	journal={Pattern Recognition Letters},
	volume={31},
	number={11},
	pages={1369--1376},
	year={2010},
	publisher={Elsevier}
}

@article{brox2011large,
	title={Large displacement optical flow: descriptor matching in variational motion estimation},
	author={Brox, Thomas and Malik, Jitendra},
	journal={IEEE transactions on pattern analysis and machine intelligence},
	volume={33},
	number={3},
	pages={500--513},
	year={2011},
	publisher={IEEE}
}

@book{szeliski2010computer,
	title={Computer vision: algorithms and applications},
	author={Szeliski, Richard},
	year={2010},
	publisher={Springer Science \& Business Media}
}

@inproceedings{farneback2003two,
	title={Two-frame motion estimation based on polynomial expansion},
	author={Farneb{\"a}ck, Gunnar},
	booktitle={Scandinavian conference on Image analysis},
	pages={363--370},
	year={2003},
	organization={Springer}
}

@inproceedings{chaudhry2009histograms,
	title={Histograms of oriented optical flow and binet-cauchy kernels on nonlinear dynamical systems for the recognition of human actions},
	author={Chaudhry, Rizwan and Ravichandran, Avinash and Hager, Gregory and Vidal, Ren{\'e}},
	booktitle={Computer Vision and Pattern Recognition, 2009. CVPR 2009. IEEE Conference on},
	pages={1932--1939},
	year={2009},
	organization={IEEE}
}

@article{CC01a,
	author = {Chang, Chih-Chung and Lin, Chih-Jen},
	title = {{LIBSVM}: A library for support vector machines},
	journal = {ACM Transactions on Intelligent Systems and Technology},
	volume = {2},
	issue = {3},
	year = {2011},
	pages = {27:1--27:27},
	note =	 {Software available at \url{http://www.csie.ntu.edu.tw/~cjlin/libsvm}}
}

@incollection{xu2012scale,
	title={Scale invariant optical flow},
	author={Xu, Li and Dai, Zhenlong and Jia, Jiaya},
	booktitle={Computer Vision--ECCV 2012},
	pages={385--399},
	year={2012},
	publisher={Springer}
}

@book{forsyth2002computer,
  title={Computer vision: a modern approach},
  author={Forsyth, David A and Ponce, Jean},
  year={2002},
  publisher={Prentice Hall Professional Technical Reference}
}

@article{baker2011database,
  title={A database and evaluation methodology for optical flow},
  author={Baker, Simon and Scharstein, Daniel and Lewis, JP and Roth, Stefan and Black, Michael J and Szeliski, Richard},
  journal={International Journal of Computer Vision},
  volume={92},
  number={1},
  pages={1--31},
  year={2011},
  publisher={Springer}
}

@book{witten2005data,
  title={Data Mining: Practical machine learning tools and techniques},
  author={Witten, Ian H and Frank, Eibe},
  year={2005},
  publisher={Morgan Kaufmann}
}

@inproceedings{danelljan2014accurate,
  title={Accurate scale estimation for robust visual tracking},
  author={Danelljan, Martin and H{\"a}ger, Gustav and Khan, Fahad and Felsberg, Michael},
  booktitle={British Machine Vision Conference, Nottingham, September 1-5, 2014},
  year={2014},
  organization={BMVA Press}
}

@inproceedings{danelljan2014adaptive,
  title={Adaptive color attributes for real-time visual tracking},
  author={Danelljan, Martin and Shahbaz Khan, Fahad and Felsberg, Michael and Van de Weijer, Joost},
  booktitle={Proceedings of the IEEE Conference on Computer Vision and Pattern Recognition},
  pages={1090--1097},
  year={2014}
}

@inproceedings{henriques2012exploiting,
  title={Exploiting the circulant structure of tracking-by-detection with kernels},
  author={Henriques, Jo{\~a}o F and Caseiro, Rui and Martins, Pedro and Batista, Jorge},
  booktitle={European conference on computer vision},
  pages={702--715},
  year={2012},
  organization={Springer}
}

@article{henriques2015high,
  title={High-speed tracking with kernelized correlation filters},
  author={Henriques, Jo{\~a}o F and Caseiro, Rui and Martins, Pedro and Batista, Jorge},
  journal={IEEE Transactions on Pattern Analysis and Machine Intelligence},
  volume={37},
  number={3},
  pages={583--596},
  year={2015},
  publisher={IEEE}
}

@incollection{fleet2006optical,
  title={Optical flow estimation},
  author={Fleet, David and Weiss, Yair},
  booktitle={Handbook of mathematical models in computer vision},
  pages={237--257},
  year={2006},
  publisher={Springer}
}

@book{wedel2011stereo,
  title={Stereo scene flow for 3D motion analysis},
  author={Wedel, Andreas and Cremers, Daniel},
  year={2011},
  publisher={Springer Science \& Business Media}
}

@book{trucco1998introductory,
  title={Introductory techniques for 3-D computer vision},
  author={Trucco, Emanuele and Verri, Alessandro},
  volume={201},
  year={1998},
  publisher={Prentice Hall Englewood Cliffs}
}

@INPROCEEDINGS{Geiger2012CVPR,
  author = {Andreas Geiger and Philip Lenz and Raquel Urtasun},
  title = {Are we ready for Autonomous Driving? The KITTI Vision Benchmark Suite},
  booktitle = {Conference on Computer Vision and Pattern	Recognition (CVPR)},
  year = {2012}
}