@book{witten2005data,
  title={Data Mining: Practical machine learning tools and techniques},
  author={Witten, Ian H and Frank, Eibe},
  year={2005},
  publisher={Diane Cerra}
}

@book{gonzalez2006digital,
 author = {Gonzalez, Rafael C. and Woods, Richard E.},
 title = {Digital Image Processing (3rd Edition)},
 year = {2006},
 isbn = {013168728X},
 publisher = {Prentice-Hall, Inc.},
 address = {Upper Saddle River, NJ, USA},
} 

