@incollection{fleet2006optical,
  title={Optical flow estimation},
  author={Fleet, David and Weiss, Yair},
  booktitle={Handbook of mathematical models in computer vision},
  pages={237--257},
  year={2006},
  publisher={Springer}
}

@book{wedel2011stereo,
  title={Stereo scene flow for 3D motion analysis},
  author={Wedel, Andreas and Cremers, Daniel},
  year={2011},
  publisher={Springer Science \& Business Media}
}

@book{trucco1998introductory,
  title={Introductory techniques for 3-D computer vision},
  author={Trucco, Emanuele and Verri, Alessandro},
  volume={201},
  year={1998},
  publisher={Prentice Hall Englewood Cliffs}
}

@INPROCEEDINGS{Geiger2012CVPR,
  author = {Andreas Geiger and Philip Lenz and Raquel Urtasun},
  title = {Are we ready for Autonomous Driving? The KITTI Vision Benchmark Suite},
  booktitle = {Conference on Computer Vision and Pattern	Recognition (CVPR)},
  year = {2012}
}

@article{baker2011database,
  title={A database and evaluation methodology for optical flow},
  author={Baker, Simon and Scharstein, Daniel and Lewis, JP and Roth, Stefan and Black, Michael J and Szeliski, Richard},
  journal={International Journal of Computer Vision},
  volume={92},
  number={1},
  pages={1--31},
  year={2011},
  publisher={Springer}
}

@incollection{xu2012scale,
	title={Scale invariant optical flow},
	author={Xu, Li and Dai, Zhenlong and Jia, Jiaya},
	booktitle={Computer Vision--ECCV 2012},
	pages={385--399},
	year={2012},
	publisher={Springer}
}

@inproceedings{farneback2003two,
	title={Two-frame motion estimation based on polynomial expansion},
	author={Farneb{\"a}ck, Gunnar},
	booktitle={Scandinavian conference on Image analysis},
	pages={363--370},
	year={2003},
	organization={Springer}
}

@article{brox2011large,
	title={Large displacement optical flow: descriptor matching in variational motion estimation},
	author={Brox, Thomas and Malik, Jitendra},
	journal={IEEE transactions on pattern analysis and machine intelligence},
	volume={33},
	number={3},
	pages={500--513},
	year={2011},
	publisher={IEEE}
}

@inproceedings{lucas1981iterative,
	title={An iterative image registration technique with an application to stereo vision.},
	author={Lucas, Bruce D and Kanade, Takeo and others},
	booktitle={IJCAI},
	volume={81},
	number={1},
	pages={674--679},
	year={1981}
}

@article{bouguet2001pyramidal,
	title={Pyramidal implementation of the affine lucas kanade feature tracker description of the algorithm},
	author={Bouguet, Jean-Yves},
	journal={Intel Corporation},
	volume={5},
	number={1-10},
	pages={4},
	year={2001}
}