@article{warburton2006health,
  title={Health benefits of physical activity: the evidence},
  author={Warburton, Darren ER and Nicol, Crystal Whitney and Bredin, Shannon SD},
  journal={Canadian medical association journal},
  volume={174},
  number={6},
  pages={801--809},
  year={2006},
  publisher={Can Med Assoc}
}

@article{caspersen1985physical,
  title={Physical activity, exercise, and physical fitness: definitions and distinctions for health-related research.},
  author={Caspersen, Carl J and Powell, Kenneth E and Christenson, Gregory M},
  journal={Public health reports},
  volume={100},
  number={2},
  pages={126},
  year={1985},
  publisher={Association of Schools of Public Health}
}

@article{levine2005measurement,
  title={Measurement of energy expenditure},
  author={Levine, James A},
  journal={Public health nutrition},
  volume={8},
  number={7a},
  pages={1123--1132},
  year={2005},
  publisher={Cambridge Univ Press}
}

@article{zhang2004improving,
  title={Improving energy expenditure estimation for physical activity},
  author={Zhang, Kuan and Pi-Sunyer, F Xavier and Boozer, Carol N and others},
  journal={Medicine and Science in Sports and Exercise},
  volume={36},
  number={5},
  pages={883--889},
  year={2004},
  publisher={WILLIAMS \& WILKINS}
}

@article{bassuk2005epidemiological,
  title={Epidemiological evidence for the role of physical activity in reducing risk of type 2 diabetes and cardiovascular disease},
  author={Bassuk, Shari S and Manson, JoAnn E},
  journal={Journal of applied physiology},
  volume={99},
  number={3},
  pages={1193--1204},
  year={2005},
  publisher={Am Physiological Soc}
}

@article{howley1995criteria,
  title={Criteria for maximal oxygen uptake: review and commentary},
  author={Howley, Edward T and Bassett, David R and Welch, Hugh G},
  journal={Medicine and science in sports and exercise},
  volume={27},
  number={9},
  pages={1292--1301},
  year={1995},
  publisher={WILLIAMS \& WILKINS 351 WEST CAMDEN ST, BALTIMORE, MD 21201-2436}
}