@article{botton2011energy,
  title={Energy expenditure during tennis play: a preliminary video analysis and metabolic model approach},
  author={Botton, Florent and Hautier, Christophe and Eclache, Jean-Paul},
  journal={The Journal of Strength \& Conditioning Research},
  volume={25},
  number={11},
  pages={3022--3028},
  year={2011},
  publisher={LWW}
}

@article{osgnach2010energy,
  title={Energy cost and metabolic power in elite soccer: a new match analysis approach},
  author={Osgnach, Cristian and Poser, Stefano and Bernardini, Riccardo and Rinaldo, Roberto and Di Prampero, Pietro Enrico},
  journal={Med Sci Sports Exerc},
  volume={42},
  number={1},
  pages={170--178},
  year={2010}
}

@article{silva2015assessing,
  title={Assessing physical activity intensity by video analysis},
  author={Silva, P and Santiago, C and Reis, LP and Sousa, A and Mota, J and Welk, G},
  journal={Physiological measurement},
  volume={36},
  number={5},
  pages={1037},
  year={2015},
  publisher={IOP Publishing}
}

@article{peker2004framework,
  title={Framework for measurement of the intensity of motion activity of video segments},
  author={Peker, Kadir A and Divakaran, Ajay},
  journal={Journal of Visual Communication and Image Representation},
  volume={15},
  number={3},
  pages={265--284},
  year={2004},
  publisher={Elsevier}
}

@article{nathan2015estimating,
  title={Estimating physical activity energy expenditure with the kinect sensor in an exergaming environment},
  author={Nathan, David and Huynh, Du Q and Rubenson, Jonas and Rosenberg, Michael},
  journal={PloS one},
  volume={10},
  number={5},
  pages={e0127113},
  year={2015},
  publisher={Public Library of Science}
}