@inproceedings{letouzey2011scene,
  title={Scene flow from depth and color images},
  author={Letouzey, Antoine and Petit, Benjamin and Boyer, Edmond},
  booktitle={BMVC 2011-British Machine Vision Conference},
  pages={46--1},
  year={2011},
  organization={BMVA Press}
}

@inproceedings{vedula1999three,
  title={Three-dimensional scene flow},
  author={Vedula, Sundar and Baker, Simon and Rander, Peter and Collins, Robert and Kanade, Takeo},
  booktitle={Computer Vision, 1999. The Proceedings of the Seventh IEEE International Conference on},
  volume={2},
  pages={722--729},
  year={1999},
  organization={IEEE}
}

@article{vedula2005three,
  title={Three-dimensional scene flow},
  author={Vedula, Sundar and Rander, Peter and Collins, Robert and Kanade, Takeo},
  journal={IEEE Transactions on Pattern Analysis and Machine Intelligence},
  volume={27},
  number={3},
  pages={475--480},
  year={2005},
  publisher={IEEE}
}

@article{sato2013high,
  title={High-speed and high-accuracy scene flow estimation using kinect},
  author={Sato, Kyosuke and Wu, Haiyuan and Chen, Qian},
  journal={Procedia Computer Science},
  volume={22},
  pages={945--953},
  year={2013},
  publisher={Elsevier}
}

@article{yan2016scene,
  title={Scene Flow Estimation: A Survey},
  author={Yan, Zike and Xiang, Xuezhi},
  journal={arXiv preprint arXiv:1612.02590},
  year={2016}
}

@article{wedel2011stereoscopic,
  title={Stereoscopic scene flow computation for 3d motion understanding},
  author={Wedel, Andreas and Brox, Thomas and Vaudrey, Tobi and Rabe, Clemens and Franke, Uwe and Cremers, Daniel},
  journal={International Journal of Computer Vision},
  volume={95},
  number={1},
  pages={29--51},
  year={2011},
  publisher={Springer}
}

@inproceedings{jaimez2015primal,
  title={A primal-dual framework for real-time dense RGB-D scene flow},
  author={Jaimez, Mariano and Souiai, Mohamed and Gonzalez-Jimenez, Javier and Cremers, Daniel},
  booktitle={Robotics and Automation (ICRA), 2015 IEEE International Conference on},
  pages={98--104},
  year={2015},
  organization={IEEE}
}

@ARTICLE{Yang2015KinectV2,
author={L. Yang and L. Zhang and H. Dong and A. Alelaiwi and A. E. Saddik},
journal={IEEE Sensors Journal},
title={Evaluating and Improving the Depth Accuracy of Kinect for Windows v2},
year={2015},
volume={15},
number={8},
pages={4275-4285},
keywords={image sensors;spatial variables measurement;Kinect v2 depth sensor;Microsoft Kinect sensor;Windows v2;depth measurement;trilateration method;Accuracy;Cameras;Entropy;Equations;Noise;Sensors;Three-dimensional displays;Depth accuracy distribution;Kinect v2;depth entropy;depth resolution;multi-Kinect trilateration},
doi={10.1109/JSEN.2015.2416651},
ISSN={1530-437X},
month={Aug},}