@inproceedings{malakuti2010towards,
  title={Towards an intelligent bed sensor: Non-intrusive monitoring of sleep irregularities with computer vision techniques},
  author={Malakuti, Kaveh and Albu, Alexandra Branzan},
  booktitle={Pattern Recognition (ICPR), 2010 20th International Conference on},
  pages={4004--4007},
  year={2010},
  organization={IEEE}
}

@article{cooper1991value,
  title={Value of nocturnal oxygen saturation as a screening test for sleep apnoea.},
  author={Cooper, BG and Veale, D and Griffiths, CJ and Gibson, GJ},
  journal={Thorax},
  volume={46},
  number={8},
  pages={586--588},
  year={1991},
  publisher={BMJ Publishing Group Ltd and British Thoracic Society}
}

@article{griffiths1991video,
  title={A video system for investigating breathing disorders during sleep.},
  author={Griffiths, CJ and Cooper, BG and Gibson, GJ},
  journal={Thorax},
  volume={46},
  number={2},
  pages={136--140},
  year={1991},
  publisher={BMJ Publishing Group Ltd and British Thoracic Society}
}

@article{guilleminault1996recognition,
  title={Recognition of sleep-disordered breathing in children},
  author={Guilleminault, Christian and Pelayo, Rafael and Leger, Damien and Clerk, Alex and Bocian, Robert CZ},
  journal={Pediatrics},
  volume={98},
  number={5},
  pages={871--882},
  year={1996},
  publisher={Am Acad Pediatrics}
}

@article{heinrich2015video,
  title={Video based actigraphy and breathing monitoring from the bedside table of shared beds},
  author={Heinrich, Adrienne and van Heesch, Frank and Puvvula, Bhargava and Rocque, Mukul},
  journal={Journal of Ambient Intelligence and Humanized Computing},
  volume={6},
  number={1},
  pages={107--120},
  year={2015},
  publisher={Springer}
}

@inproceedings{yang2014sleep,
  title={Sleep monitoring via depth video compression \& analysis},
  author={Yang, Cheng and Cheung, Gene and Chan, Kevin and Stankovic, Vladimir},
  booktitle={Multimedia and Expo Workshops (ICMEW), 2014 IEEE International Conference on},
  pages={1--6},
  year={2014},
  organization={IEEE}
}

@inproceedings{liao2008video,
  title={Video-based activity and movement pattern analysis in overnight sleep studies},
  author={Liao, Wen-Hung and Yang, Chien-Ming},
  booktitle={Pattern Recognition, 2008. ICPR 2008. 19th International Conference on},
  pages={1--4},
  year={2008},
  organization={IEEE}
}

@article{levy1996accuracy,
  title={Accuracy of oximetry for detection of respiratory disturbances in sleep apnea syndrome},
  author={Levy, Patrick and Pepin, Jean Louis and Deschaux-Blanc, C and Paramelle, B and Brambilla, Christian},
  journal={Chest},
  volume={109},
  number={2},
  pages={395--399},
  year={1996},
  publisher={Elsevier}
}

@inproceedings{nakai2000non,
  title={Non-restrictive visual respiration monitoring},
  author={Nakai, Hiroaki and Ishihara, Ken and Miyake, Yoshio and Watanabe, Mutsumi},
  booktitle={Pattern Recognition, 2000. Proceedings. 15th International Conference On},
  volume={4},
  pages={647--651},
  year={2000},
  organization={IEEE}
}

@inproceedings{nakajima1997method,
  title={A method for measuring respiration and physical activity in bed by optical flow analysis},
  author={Nakajima, Kazuki and Osa, Atsushi and Miike, Hidetoshi},
  booktitle={Engineering in Medicine and Biology Society, 1997. Proceedings of the 19th Annual International Conference of the IEEE},
  volume={5},
  pages={2054--2057},
  year={1997},
  organization={IEEE}
}

@article{nakajima1997evaluation,
  title={Evaluation of body motion by optical flow analysis},
  author={Nakajima, Kazuki and Osa, Atsushi and Maekawa, Tsuyoshi and Miike, Hidetoshi},
  journal={Japanese journal of applied physics},
  volume={36},
  number={5R},
  pages={2929},
  year={1997},
  publisher={IOP Publishing}
}

@inproceedings{nakajima2000monitor,
  title={A monitor for posture changes and respiration in bed using real time image sequence analysis},
  author={Nakajima, Kasuki and Matsumoto, Y and Tamura, T},
  booktitle={Engineering in Medicine and Biology Society, 2000. Proceedings of the 22nd Annual International Conference of the IEEE},
  volume={1},
  pages={51--54},
  year={2000},
  organization={IEEE}
}

@article{nakajima2001development,
  title={Development of real-time image sequence analysis for evaluating posture change and respiratory rate of a subject in bed},
  author={Nakajima, Kazuki and Matsumoto, Yoshiaki and Tamura, Toshiyo},
  journal={Physiological Measurement},
  volume={22},
  number={3},
  pages={N21},
  year={2001},
  publisher={IOP Publishing}
}

@article{netzer2001overnight,
  title={Overnight pulse oximetry for sleep-disordered breathing in adults: a review},
  author={Netzer, Nikolaus and Eliasson, Arn H and Netzer, Cordula and Kristo, David A},
  journal={CHEST Journal},
  volume={120},
  number={2},
  pages={625--633},
  year={2001},
  publisher={American College of Chest Physicians}
}

@article{magalang2003prediction,
  title={Prediction of the apnea-hypopnea index from overnight pulse oximetry},
  author={Magalang, Ulysses J and Dmochowski, Jacek and Veeramachaneni, Sateesh and Draw, Azmi and Mador, M Jeffery and El-Solh, Ali and Grant, Brydon JB},
  journal={Chest Journal},
  volume={124},
  number={5},
  pages={1694--1701},
  year={2003},
  publisher={American College of Chest Physicians}
}

@article{stradling1991predictors,
  title={Predictors and prevalence of obstructive sleep apnoea and snoring in 1001 middle aged men.},
  author={Stradling, JR and Crosby, JH},
  journal={Thorax},
  volume={46},
  number={2},
  pages={85--90},
  year={1991},
  publisher={BMJ Publishing Group Ltd and British Thoracic Society}
}

@article{sathyanarayana2015vision,
  title={Vision-based patient monitoring: a comprehensive review of algorithms and technologies},
  author={Sathyanarayana, Supriya and Satzoda, Ravi Kumar and Sathyanarayana, Suchitra and Thambipillai, Srikanthan},
  journal={Journal of Ambient Intelligence and Humanized Computing},
  pages={1--27},
  year={2015},
  publisher={Springer}
}

@article{takemura2005respiratory,
  title={A respiratory movement monitoring system using fiber-grating vision sensor for diagnosing sleep apnea syndrome},
  author={Takemura, Yasuhiro and Sato, Jun-ya and Nakajima, Masato},
  journal={Optical review},
  volume={12},
  number={1},
  pages={46--53},
  year={2005},
  publisher={Springer}
}

@article{collop2007clinical,
  title={Clinical guidelines for the use of unattended portable monitors in the diagnosis of obstructive sleep apnea in adult patients},
  author={Collop, Nancy A and Anderson, W Mc and Boehlecke, Brian and Claman, David and Goldberg, Rochelle and Gottlieb, Daniel J and Hudgel, David and Sateia, Michael and Schwab, Richard},
  journal={J Clin Sleep Med},
  volume={3},
  number={7},
  pages={737--747},
  year={2007}
}

@inproceedings{wang2006vision,
  title={Vision analysis in detecting abnormal breathing activity in application to diagnosis of obstructive sleep apnoea},
  author={Wang, Ching Wei and Ahmed, Amr and Hunter, Andrew},
  booktitle={Engineering in Medicine and Biology Society, 2006. EMBS'06. 28th Annual International Conference of the IEEE},
  pages={4469--4473},
  year={2006},
  organization={IEEE}
}

@article{wang2014unconstrained,
  title={Unconstrained video monitoring of breathing behavior and application to diagnosis of sleep apnea},
  author={Wang, Ching-Wei and Hunter, Andrew and Gravill, Neil and Matusiewicz, Simon},
  journal={IEEE Transactions on Biomedical Engineering},
  volume={61},
  number={2},
  pages={396--404},
  year={2014},
  publisher={IEEE}
}

@article{wang2010real,
  title={Real time pose recognition of covered human for diagnosis of sleep apnoea},
  author={Wang, Ching-Wei and Hunter, Andrew and Gravill, Neil and Matusiewicz, Simon},
  journal={Computerized medical imaging and graphics},
  volume={34},
  number={6},
  pages={523--533},
  year={2010},
  publisher={Elsevier}
}

@inproceedings{wang2007locating,
  title={Locating the Upper Body of Covered Humans in application to Diagnosis of Obstructive Sleep Apnea.},
  author={Wang, Ching-Wei and Ahmed, Amr and Hunter, Andrew},
  booktitle={World congress on engineering},
  pages={662--667},
  year={2007}
}

@inproceedings{rodrigues2007sleepathome,
  title={SleepAtHome-Portable Home Based System for Pediatric Sleep Apnoea Diagnosis},
  author={Rodrigues, Jorge M and Estevao, M Helena and Malaquias, Jose Luis and Santos, Paulo and Gouveia, Goncalo and Simoes, J Basilio},
  booktitle={Portable Information Devices, 2007. PORTABLE07. IEEE International Conference on},
  pages={1--4},
  year={2007},
  organization={IEEE}
}

@article{falie2008respiratory,
  title={Respiratory motion visualization and the sleep apnea diagnosis with the time of flight (ToF) camera},
  author={Falie, D and Ichim, M and David, L},
  journal={Visualisation, Imaging and Simulation},
  year={2008}
}

@article{flemons2003home,
  title={Home diagnosis of sleep apnea: a systematic review of the literature: an evidence review cosponsored by the American Academy of Sleep Medicine, the American College of Chest Physicians, and the American Thoracic Society},
  author={Flemons, W Ward and Littner, Michael R and Rowley, James A and Gay, Peter and Anderson, W McDowell and Hudgel, David W and McEvoy, R Douglas and Loube, Daniel I},
  journal={CHEST Journal},
  volume={124},
  number={4},
  pages={1543--1579},
  year={2003},
  publisher={American College of Chest Physicians}
}

@inproceedings{falie2009statistical,
  title={Statistical algorithm for detection and screening sleep apnea},
  author={Falie, D and David, L and Ichim, M},
  booktitle={Signals, Circuits and Systems, 2009. ISSCS 2009. International Symposium on},
  pages={1--4},
  year={2009},
  organization={IEEE}
}

@article{javaheri2010central,
  title={Central sleep apnea},
  author={Javaheri, SHAHROKH},
  journal={Clinics in chest medicine},
  volume={31},
  number={2},
  pages={235--248},
  year={2010},
  publisher={Elsevier}
}

@article{flemons2002obstructive,
  title={Obstructive sleep apnea},
  author={Flemons, W Ward},
  journal={New England Journal of Medicine},
  volume={347},
  number={7},
  pages={498--504},
  year={2002},
  publisher={Mass Medical Soc}
}

@article{malhotra2002obstructive,
  title={Obstructive sleep apnoea},
  author={Malhotra, Atul and White, David P},
  journal={The lancet},
  volume={360},
  number={9328},
  pages={237--245},
  year={2002},
  publisher={Elsevier}
}

@inproceedings{koporec2017observation,
 title={Observation of Selected Human Physiological Parameters Using Computer Vision},
 author={Koporec, G and Mandeljc, R and Sulič, Kenk V and Perš, J},
 booktitle={22nd Computer Vision Winter Workshop, Retz, Austria},
 year={2017}
}

