@article{vcehovin2016visual,
  title={Visual object tracking performance measures revisited},
  author={{\v{C}}ehovin, Luka and Leonardis, Ale{\v{s}} and Kristan, Matej},
  journal={IEEE Transactions on Image Processing},
  volume={25},
  number={3},
  pages={1261--1274},
  year={2016},
  publisher={IEEE}
}

@inproceedings{danelljan2014adaptive,
  title={Adaptive color attributes for real-time visual tracking},
  author={Danelljan, Martin and Shahbaz Khan, Fahad and Felsberg, Michael and Van de Weijer, Joost},
  booktitle={Proceedings of the IEEE Conference on Computer Vision and Pattern Recognition},
  pages={1090--1097},
  year={2014}
}

@article{hannuna2016ds,
  title={DS-KCF: a real-time tracker for RGB-D data},
  author={Hannuna, Sion and Camplani, Massimo and Hall, Jake and Mirmehdi, Majid and Damen, Dima and Burghardt, Tilo and Paiement, Adeline and Tao, Lili},
  journal={Journal of Real-Time Image Processing},
  pages={1--20},
  year={2016},
  publisher={Springer}
}

@article{henriques2012exploiting,
  title={Exploiting the circulant structure of tracking-by-detection with kernels},
  author={Henriques, Joao and Caseiro, Rui and Martins, Pedro and Batista, Jorge},
  journal={Computer Vision--ECCV 2012},
  pages={702--715},
  year={2012},
  publisher={Springer}
}

@article{henriques2015high,
  title={High-speed tracking with kernelized correlation filters},
  author={Henriques, Jo{\~a}o F and Caseiro, Rui and Martins, Pedro and Batista, Jorge},
  journal={IEEE Transactions on Pattern Analysis and Machine Intelligence},
  volume={37},
  number={3},
  pages={583--596},
  year={2015},
  publisher={IEEE}
}

@article{king2009dlib,
  title={Dlib-ml: A machine learning toolkit},
  author={King, Davis E},
  journal={Journal of Machine Learning Research},
  volume={10},
  number={Jul},
  pages={1755--1758},
  year={2009}
}

@inproceedings{danelljan2014accurate,
  title={Accurate scale estimation for robust visual tracking},
  author={Danelljan, Martin and H{\"a}ger, Gustav and Khan, Fahad and Felsberg, Michael},
  booktitle={British Machine Vision Conference, Nottingham, September 1-5, 2014},
  year={2014},
  organization={BMVA Press}
}

@article{kalal2012tracking,
  title={Tracking-learning-detection},
  author={Kalal, Zdenek and Mikolajczyk, Krystian and Matas, Jiri},
  journal={IEEE transactions on pattern analysis and machine intelligence},
  volume={34},
  number={7},
  pages={1409--1422},
  year={2012},
  publisher={IEEE}
}

@article{smeulders2014visual,
  title={Visual tracking: An experimental survey},
  author={Smeulders, Arnold WM and Chu, Dung M and Cucchiara, Rita and Calderara, Simone and Dehghan, Afshin and Shah, Mubarak},
  journal={IEEE Transactions on Pattern Analysis and Machine Intelligence},
  volume={36},
  number={7},
  pages={1442--1468},
  year={2014},
  publisher={IEEE}
}

@inproceedings{kalal2010forward,
  title={Forward-backward error: Automatic detection of tracking failures},
  author={Kalal, Zdenek and Mikolajczyk, Krystian and Matas, Jiri},
  booktitle={Pattern recognition (ICPR), 2010 20th international conference on},
  pages={2756--2759},
  year={2010},
  organization={IEEE}
}

@inbook{kristan2016visual,
  title={The visual object tracking VOT2016 challenge results},
  author={Kristan, Matej and Leonardis, Ales and Cehovin, Luka and Lukezic, Luka},
  bookTitle={Computer Vision -- ECCV 2016 Workshops: Amsterdam, The Netherlands, October 8-10 and 15-16, 2016, Proceedings, Part II},
  year={2016},
  publisher={Springer International Publishing},
  pages={777--823}
}

@string{ online = "{ [Online]}"}
@misc{squashtv2014squash,
 author = {PSA SQUASHTV},
  title = {Squash : El Gouna International 2014 - Final Roundup Elshorbagy v Ashour [Online]},
  howpublished  = {Dosegljivo: \url{https://www.youtube.com/watch?v=5rbLehP-Pcs}},
  note = {[Dostopano: 03. 08. 2017]}
}